@inproceedings{fainekos2005temporal,
	title={Temporal logic motion planning for mobile robots},
	author={Fainekos, Georgios E and Kress-Gazit, Hadas and Pappas, George J},
	booktitle={Robotics and Automation, 2005. ICRA 2005. Proceedings of the 2005 IEEE International Conference on},
	pages={2020--2025},
	year={2005},
	organization={IEEE}
}

@article{kress2009temporal,
	title={Temporal-logic-based reactive mission and motion planning},
	author={Kress-Gazit, Hadas and Fainekos, Georgios E and Pappas, George J},
	journal={IEEE transactions on robotics},
	volume={25},
	number={6},
	pages={1370--1381},
	year={2009},
	publisher={IEEE}
}

@inproceedings{plaku2012path,
	title={Path planning with probabilistic roadmaps and co-safe linear temporal logic},
	author={Plaku, Erion},
	booktitle={Intelligent Robots and Systems (IROS), 2012 IEEE/RSJ International Conference on},
	pages={2269--2275},
	year={2012},
	organization={IEEE}
}

@inproceedings{vasile2013sampling,
	title={Sampling-based temporal logic path planning},
	author={Vasile, Cristian Ioan and Belta, Calin},
	booktitle={Intelligent Robots and Systems (IROS), 2013 IEEE/RSJ International Conference on},
	pages={4817--4822},
	year={2013},
	organization={IEEE}
}

@inproceedings{tuumova2013minimum,
	title={Minimum-violation LTL planning with conflicting specifications},
	author={T{\uu}mov{\'a}, Jana and Castro, Luis I Reyes and Karaman, Sertac and Frazzoli, Emilio and Rus, Daniela},
	booktitle={American Control Conference (ACC), 2013},
	pages={200--205},
	year={2013},
	organization={IEEE}
}

@inproceedings{castro2013incremental,
	title={Incremental sampling-based algorithm for minimum-violation motion planning},
	author={Castro, Luis I Reyes and Chaudhari, Pratik and Tumova, Jana and Karaman, Sertac and Frazzoli, Emilio and Rus, Daniela},
	booktitle={Decision and Control (CDC), 2013 IEEE 52nd Annual Conference on},
	pages={3217--3224},
	year={2013},
	organization={IEEE}
}

@inproceedings{vasile2017sampling,
	title={Sampling-based synthesis of maximally-satisfying controllers for temporal logic specifications},
	author={Vasile, Cristian-Ioan and Raman, Vasumathi and Karaman, Sertac},
	booktitle={Intelligent Robots and Systems (IROS), 2017 IEEE/RSJ International Conference on},
	pages={3840--3847},
	year={2017},
	organization={IEEE}
}

